%% This BibTeX bibliography file was created using BibDesk.
%% http://bibdesk.sourceforge.net/


%% Created for Adrian Price-Whelan at 2019-01-18 10:29:00 -0500 


%% Saved with string encoding Unicode (UTF-8) 



@article{Widrow:2012,
	Adsnote = {Provided by the SAO/NASA Astrophysics Data System},
	Adsurl = {https://ui.adsabs.harvard.edu/\#abs/2012ApJ...750L..41W},
	Archiveprefix = {arXiv},
	Author = {{Widrow}, Lawrence M. and {Gardner}, Susan and {Yanny}, Brian and {Dodelson}, Scott and {Chen}, Hsin-Yu},
	Date-Added = {2019-01-18 10:28:58 -0500},
	Date-Modified = {2019-01-18 10:28:59 -0500},
	Doi = {10.1088/2041-8205/750/2/L41},
	Eid = {L41},
	Eprint = {1203.6861},
	Journal = {\apj},
	Keywords = {Galaxy: kinematics and dynamics, solar neighborhood, Astrophysics - Astrophysics of Galaxies},
	Month = May,
	Pages = {L41},
	Primaryclass = {astro-ph.GA},
	Title = {{Galactoseismology: Discovery of Vertical Waves in the Galactic Disk}},
	Volume = {750},
	Year = 2012,
	Bdsk-Url-1 = {https://doi.org/10.1088/2041-8205/750/2/L41}}

@article{Chakrabarti:2009,
	Adsnote = {Provided by the SAO/NASA Astrophysics Data System},
	Adsurl = {https://ui.adsabs.harvard.edu/\#abs/2009MNRAS.399L.118C},
	Archiveprefix = {arXiv},
	Author = {{Chakrabarti}, Sukanya and {Blitz}, Leo},
	Date-Added = {2019-01-18 10:27:54 -0500},
	Date-Modified = {2019-01-18 10:27:55 -0500},
	Doi = {10.1111/j.1745-3933.2009.00735.x},
	Eprint = {0812.0821},
	Journal = {\mnras},
	Keywords = {methods: numerical, Galaxy: evolution, Galaxy: kinematics and dynamics, Galaxy: structure, Astrophysics},
	Month = Oct,
	Pages = {L118-L122},
	Primaryclass = {astro-ph},
	Title = {{Tidal imprints of a dark subhalo on the outskirts of the Milky Way}},
	Volume = {399},
	Year = 2009,
	Bdsk-Url-1 = {https://doi.org/10.1111/j.1745-3933.2009.00735.x}}

@article{Laporte:2018b,
	Adsnote = {Provided by the SAO/NASA Astrophysics Data System},
	Adsurl = {https://ui.adsabs.harvard.edu/\#abs/2018arXiv180800451L},
	Archiveprefix = {arXiv},
	Author = {{Laporte}, Chervin F.~P. and {Minchev}, Ivan and {Johnston}, Kathryn V. and {G{\'o}mez}, Facundo A.},
	Date-Added = {2019-01-18 10:27:24 -0500},
	Date-Modified = {2019-01-18 10:27:25 -0500},
	Eid = {arXiv:1808.00451},
	Eprint = {1808.00451},
	Journal = {arXiv e-prints},
	Keywords = {Astrophysics - Astrophysics of Galaxies},
	Month = Aug,
	Pages = {arXiv:1808.00451},
	Primaryclass = {astro-ph.GA},
	Title = {{Footprints of the Sagittarius dwarf galaxy in the \$Gaia\$ data set}},
	Year = 2018}

@article{Laporte:2019,
	Adsnote = {Provided by the SAO/NASA Astrophysics Data System},
	Adsurl = {https://ui.adsabs.harvard.edu/\#abs/2019MNRAS.483.1427L},
	Archiveprefix = {arXiv},
	Author = {{Laporte}, Chervin F.~P. and {Johnston}, Kathryn V. and {Tzanidakis}, Anastasios},
	Date-Added = {2019-01-18 10:25:46 -0500},
	Date-Modified = {2019-01-18 10:25:46 -0500},
	Doi = {10.1093/mnras/sty2362},
	Eprint = {1803.11198},
	Journal = {\mnras},
	Keywords = {Galaxy: disc, Galaxy: evolution, Galaxy: formation, Galaxy: kinematics and dynamics, Galaxy: structure, Astrophysics - Astrophysics of Galaxies},
	Month = Feb,
	Pages = {1427-1436},
	Primaryclass = {astro-ph.GA},
	Title = {{Stellar disc streams as probes of the Galactic potential and satellite impacts}},
	Volume = {483},
	Year = 2019,
	Bdsk-Url-1 = {https://doi.org/10.1093/mnras/sty2362}}

@article{Antoja:2018,
	Adsnote = {Provided by the SAO/NASA Astrophysics Data System},
	Adsurl = {https://ui.adsabs.harvard.edu/\#abs/2018Natur.561..360A},
	Archiveprefix = {arXiv},
	Author = {{Antoja}, T. and {Helmi}, A. and {Romero-G{\'o}mez}, M. and {Katz}, D. and {Babusiaux}, C. and {Drimmel}, R. and {Evans}, D.~W. and {Figueras}, F. and {Poggio}, E. and {Reyl{\'e}}, C. and {Robin}, A.~C. and {Seabroke}, G. and {Soubiran}, C.},
	Date-Added = {2019-01-18 10:23:37 -0500},
	Date-Modified = {2019-01-18 10:23:38 -0500},
	Doi = {10.1038/s41586-018-0510-7},
	Eprint = {1804.10196},
	Journal = {\nat},
	Keywords = {Astrophysics - Astrophysics of Galaxies},
	Month = Sep,
	Pages = {360-362},
	Primaryclass = {astro-ph.GA},
	Title = {{A dynamically young and perturbed Milky Way disk}},
	Volume = {561},
	Year = 2018,
	Bdsk-Url-1 = {https://doi.org/10.1038/s41586-018-0510-7}}

@article{Purcell:2011,
	Adsnote = {Provided by the SAO/NASA Astrophysics Data System},
	Adsurl = {https://ui.adsabs.harvard.edu/\#abs/2011Natur.477..301P},
	Archiveprefix = {arXiv},
	Author = {{Purcell}, Chris W. and {Bullock}, James S. and {Tollerud}, Erik J. and {Rocha}, Miguel and {Chakrabarti}, Sukanya},
	Date-Added = {2019-01-18 10:17:08 -0500},
	Date-Modified = {2019-01-18 10:17:09 -0500},
	Doi = {10.1038/nature10417},
	Eprint = {1109.2918},
	Journal = {\nat},
	Keywords = {Astrophysics - Galaxy Astrophysics, Astrophysics - Cosmology and Extragalactic Astrophysics},
	Month = Sep,
	Pages = {301-303},
	Primaryclass = {astro-ph.GA},
	Title = {{The Sagittarius impact as an architect of spirality and outer rings in the Milky Way}},
	Volume = {477},
	Year = 2011,
	Bdsk-Url-1 = {https://doi.org/10.1038/nature10417}}

@article{Gomez:2016,
	Adsnote = {Provided by the SAO/NASA Astrophysics Data System},
	Adsurl = {https://ui.adsabs.harvard.edu/\#abs/2016MNRAS.456.2779G},
	Archiveprefix = {arXiv},
	Author = {{G{\'o}mez}, Facundo A. and {White}, Simon D.~M. and {Marinacci}, Federico and {Slater}, Colin T. and {Grand}, Robert J.~J. and {Springel}, Volker and {Pakmor}, R{\"u}diger},
	Date-Added = {2019-01-18 10:15:09 -0500},
	Date-Modified = {2019-01-18 10:15:10 -0500},
	Doi = {10.1093/mnras/stv2786},
	Eprint = {1509.08459},
	Journal = {\mnras},
	Keywords = {Galaxy: disc, Galaxy: evolution, Galaxy: halo, galaxies: interactions, galaxies: kinematics and dynamics, methods: numerical, Astrophysics - Astrophysics of Galaxies},
	Month = Mar,
	Pages = {2779-2793},
	Primaryclass = {astro-ph.GA},
	Title = {{A fully cosmological model of a Monoceros-like ring}},
	Volume = {456},
	Year = 2016,
	Bdsk-Url-1 = {https://doi.org/10.1093/mnras/stv2786}}

@article{Laporte:2018a,
	Adsnote = {Provided by the SAO/NASA Astrophysics Data System},
	Adsurl = {https://ui.adsabs.harvard.edu/\#abs/2018MNRAS.481..286L},
	Archiveprefix = {arXiv},
	Author = {{Laporte}, Chervin F.~P. and {Johnston}, Kathryn V. and {G{\'o}mez}, Facundo A. and {Garavito-Camargo}, Nicolas and {Besla}, Gurtina},
	Date-Added = {2019-01-18 10:12:48 -0500},
	Date-Modified = {2019-01-18 10:12:49 -0500},
	Doi = {10.1093/mnras/sty1574},
	Eprint = {1710.02538},
	Journal = {\mnras},
	Keywords = {Galaxy: disc, Galaxy: evolution, Galaxy: formation, Galaxy: halo, Galaxy: kinematics and dynamics, Galaxy: structure, Astrophysics - Astrophysics of Galaxies},
	Month = Nov,
	Pages = {286-306},
	Primaryclass = {astro-ph.GA},
	Title = {{The influence of Sagittarius and the Large Magellanic Cloud on the stellar disc of the Milky Way Galaxy}},
	Volume = {481},
	Year = 2018,
	Bdsk-Url-1 = {https://doi.org/10.1093/mnras/sty1574}}

@article{Laporte:2018,
	Adsnote = {Provided by the SAO/NASA Astrophysics Data System},
	Adsurl = {https://ui.adsabs.harvard.edu/\#abs/2018MNRAS.473.1218L},
	Author = {{Laporte}, Chervin F.~P. and {G{\'o}mez}, Facundo A. and {Besla}, Gurtina and {Johnston}, Kathryn V. and {Garavito-Camargo}, Nicolas},
	Date-Added = {2019-01-18 10:06:53 -0500},
	Date-Modified = {2019-01-18 10:06:54 -0500},
	Doi = {10.1093/mnras/stx2146},
	Journal = {\mnras},
	Keywords = {Galaxy: disc, Galaxy: evolution, Galaxy: kinematics and dynamics, Galaxy: structure},
	Month = Jan,
	Pages = {1218-1230},
	Title = {{Response of the Milky Way's disc to the Large Magellanic Cloud in a first infall scenario}},
	Volume = {473},
	Year = 2018,
	Bdsk-Url-1 = {https://doi.org/10.1093/mnras/stx2146}}

@article{Hayes:2018,
	Adsnote = {Provided by the SAO/NASA Astrophysics Data System},
	Adsurl = {https://ui.adsabs.harvard.edu/\#abs/2018ApJ...859L...8H},
	Archiveprefix = {arXiv},
	Author = {{Hayes}, Christian R. and {Majewski}, Steven R. and {Hasselquist}, Sten and {Beaton}, Rachael L. and {Cunha}, Katia and {Smith}, Verne V. and {Price-Whelan}, Adrian M. and {Anguiano}, Borja and {Beers}, Timothy C. and {Carrera}, Ricardo and {Fern{\'a}ndez- Trincado}, J.~G. and {Frinchaboy}, Peter M. and {Garc{\'\i}a-Hern{\'a}ndez}, D.~A. and {Lane}, Richard R. and {Nidever}, David L. and {Nitschelm}, Christian and {Roman- Lopes}, Alexandre and {Zamora}, Olga},
	Date-Added = {2019-01-18 09:56:03 -0500},
	Date-Modified = {2019-01-18 09:56:04 -0500},
	Doi = {10.3847/2041-8213/aac38c},
	Eid = {L8},
	Eprint = {1805.03706},
	Journal = {\apj},
	Keywords = {Galaxy: disk, Galaxy: evolution, Galaxy: halo, Galaxy: structure, stars: abundances, Astrophysics - Astrophysics of Galaxies},
	Month = May,
	Pages = {L8},
	Primaryclass = {astro-ph.GA},
	Title = {{Disk-like Chemistry of the Triangulum-Andromeda Overdensity as Seen by APOGEE}},
	Volume = {859},
	Year = 2018,
	Bdsk-Url-1 = {https://doi.org/10.3847/2041-8213/aac38c}}

@article{Bergemann:2018,
	Adsnote = {Provided by the SAO/NASA Astrophysics Data System},
	Adsurl = {https://ui.adsabs.harvard.edu/\#abs/2018Natur.555..334B},
	Archiveprefix = {arXiv},
	Author = {{Bergemann}, Maria and {Sesar}, Branimir and {Cohen}, Judith G. and {Serenelli}, Aldo M. and {Sheffield}, Allyson and {Li}, Ting S. and {Casagrande}, Luca and {Johnston}, Kathryn V. and {Laporte}, Chervin F.~P. and {Price-Whelan}, Adrian M. and {Sch{\"o}nrich}, Ralph and {Gould}, Andrew},
	Date-Added = {2019-01-18 09:55:04 -0500},
	Date-Modified = {2019-01-18 09:55:06 -0500},
	Doi = {10.1038/nature25490},
	Eprint = {1803.00563},
	Journal = {\nat},
	Keywords = {Astrophysics - Astrophysics of Galaxies},
	Month = Mar,
	Pages = {334-337},
	Primaryclass = {astro-ph.GA},
	Title = {{Two chemically similar stellar overdensities on opposite sides of the plane of the Galactic disk}},
	Volume = {555},
	Year = 2018,
	Bdsk-Url-1 = {https://doi.org/10.1038/nature25490}}

@article{Sheffield:2018,
	Adsnote = {Provided by the SAO/NASA Astrophysics Data System},
	Adsurl = {https://ui.adsabs.harvard.edu/\#abs/2018ApJ...854...47S},
	Archiveprefix = {arXiv},
	Author = {{Sheffield}, Allyson A. and {Price-Whelan}, Adrian M. and {Tzanidakis}, Anastasios and {Johnston}, Kathryn V. and {Laporte}, Chervin F.~P. and {Sesar}, Branimir},
	Date-Added = {2019-01-18 09:53:44 -0500},
	Date-Modified = {2019-01-18 09:53:45 -0500},
	Doi = {10.3847/1538-4357/aaa4b6},
	Eid = {47},
	Eprint = {1801.01171},
	Journal = {\apj},
	Keywords = {galaxies: interactions, Galaxy: disk, Galaxy: formation, Galaxy: halo, Galaxy: structure, Astrophysics - Astrophysics of Galaxies},
	Month = Feb,
	Pages = {47},
	Primaryclass = {astro-ph.GA},
	Title = {{A Disk Origin for the Monoceros Ring and A13 Stellar Overdensities}},
	Volume = {854},
	Year = 2018,
	Bdsk-Url-1 = {https://doi.org/10.3847/1538-4357/aaa4b6}}

@article{Price-Whelan:2015,
	Adsnote = {Provided by the SAO/NASA Astrophysics Data System},
	Adsurl = {https://ui.adsabs.harvard.edu/\#abs/2015MNRAS.452..676P},
	Archiveprefix = {arXiv},
	Author = {{Price-Whelan}, Adrian M. and {Johnston}, Kathryn V. and {Sheffield}, Allyson A. and {Laporte}, Chervin F.~P. and {Sesar}, Branimir},
	Date-Added = {2019-01-18 09:47:17 -0500},
	Date-Modified = {2019-01-18 09:47:18 -0500},
	Doi = {10.1093/mnras/stv1324},
	Eprint = {1503.08780},
	Journal = {\mnras},
	Keywords = {techniques: spectroscopic, stars: variables: RR Lyrae, Galaxy: disc, Galaxy: halo, Galaxy: stellar content, Galaxy: structure, Astrophysics - Astrophysics of Galaxies},
	Month = Sep,
	Pages = {676-685},
	Primaryclass = {astro-ph.GA},
	Title = {{A reinterpretation of the Triangulum-Andromeda stellar clouds: a population of halo stars kicked out of the Galactic disc}},
	Volume = {452},
	Year = 2015,
	Bdsk-Url-1 = {https://doi.org/10.1093/mnras/stv1324}}

@article{Morganson:2016,
	Adsnote = {Provided by the SAO/NASA Astrophysics Data System},
	Adsurl = {https://ui.adsabs.harvard.edu/\#abs/2016ApJ...825..140M},
	Archiveprefix = {arXiv},
	Author = {{Morganson}, Eric and {Conn}, Blair and {Rix}, Hans-Walter and {Bell}, Eric F. and {Burgett}, William S. and {Chambers}, Kenneth and {Dolphin}, Andrew and {Draper}, Peter W. and {Flewelling}, Heather and {Hodapp}, Klaus and {Kaiser}, Nick and {Magnier}, Eugene A. and {Martin}, Nicolas F. and {Martinez-Delgado}, David and {Metcalfe}, Nigel and {Schlafly}, Edward F. and {Slater}, Colin T. and {Wainscoat}, Richard J. and {Waters}, Christopher Z.},
	Date-Added = {2019-01-17 20:32:25 -0500},
	Date-Modified = {2019-01-17 20:32:26 -0500},
	Doi = {10.3847/0004-637X/825/2/140},
	Eid = {140},
	Eprint = {1604.07501},
	Journal = {\apj},
	Keywords = {Galaxy: disk, Astrophysics - Astrophysics of Galaxies},
	Month = Jul,
	Pages = {140},
	Primaryclass = {astro-ph.GA},
	Title = {{Mapping the Monoceros Ring in 3D with Pan-STARRS1}},
	Volume = {825},
	Year = 2016,
	Bdsk-Url-1 = {https://doi.org/10.3847/0004-637X/825/2/140}}

@article{Grillmair:2006b,
	Adsnote = {Provided by the SAO/NASA Astrophysics Data System},
	Adsurl = {https://ui.adsabs.harvard.edu/\#abs/2006ApJ...651L..29G},
	Archiveprefix = {arXiv},
	Author = {{Grillmair}, C.~J.},
	Date-Added = {2019-01-17 20:27:06 -0500},
	Date-Modified = {2019-01-17 20:27:07 -0500},
	Doi = {10.1086/509255},
	Eprint = {astro-ph/0609449},
	Journal = {\apj},
	Keywords = {Galaxy: Halo, Galaxy: Structure, Astrophysics},
	Month = Nov,
	Pages = {L29-L32},
	Primaryclass = {astro-ph},
	Title = {{Substructure in Tidal Streams: Tributaries in the Anticenter Stream}},
	Volume = {651},
	Year = 2006,
	Bdsk-Url-1 = {https://doi.org/10.1086/509255}}

@article{Xu:2015,
	Adsnote = {Provided by the SAO/NASA Astrophysics Data System},
	Adsurl = {https://ui.adsabs.harvard.edu/\#abs/2015ApJ...801..105X},
	Archiveprefix = {arXiv},
	Author = {{Xu}, Yan and {Newberg}, Heidi Jo and {Carlin}, Jeffrey L. and {Liu}, Chao and {Deng}, Licai and {Li}, Jing and {Sch{\"o}nrich}, Ralph and {Yanny}, Brian},
	Date-Added = {2019-01-17 20:24:05 -0500},
	Date-Modified = {2019-01-17 20:24:07 -0500},
	Doi = {10.1088/0004-637X/801/2/105},
	Eid = {105},
	Eprint = {1503.00257},
	Journal = {\apj},
	Keywords = {Galaxy: disk, Galaxy: kinematics and dynamics, Galaxy: structure, Astrophysics - Astrophysics of Galaxies},
	Month = Mar,
	Pages = {105},
	Primaryclass = {astro-ph.GA},
	Title = {{Rings and Radial Waves in the Disk of the Milky Way}},
	Volume = {801},
	Year = 2015,
	Bdsk-Url-1 = {https://doi.org/10.1088/0004-637X/801/2/105}}

@article{Johnston:2008,
	Adsnote = {Provided by the SAO/NASA Astrophysics Data System},
	Adsurl = {https://ui.adsabs.harvard.edu/\#abs/2008ApJ...689..936J},
	Archiveprefix = {arXiv},
	Author = {{Johnston}, Kathryn V. and {Bullock}, James S. and {Sharma}, Sanjib and {Font}, Andreea and {Robertson}, Brant E. and {Leitner}, Samuel N.},
	Date-Added = {2019-01-17 20:21:34 -0500},
	Date-Modified = {2019-01-17 20:21:35 -0500},
	Doi = {10.1086/592228},
	Eprint = {0807.3911},
	Journal = {\apj},
	Keywords = {dark matter, galaxies: dwarf, galaxies: evolution, galaxies: formation, galaxies: halos, galaxies: kinematics and dynamics, Galaxy: evolution, Galaxy: formation, Galaxy: halo, Galaxy: kinematics and dynamics, Local Group, Astrophysics},
	Month = Dec,
	Pages = {936-957},
	Primaryclass = {astro-ph},
	Title = {{Tracing Galaxy Formation with Stellar Halos. II. Relating Substructure in Phase and Abundance Space to Accretion Histories}},
	Volume = {689},
	Year = 2008,
	Bdsk-Url-1 = {https://doi.org/10.1086/592228}}

@article{Bullock:2005,
	Adsnote = {Provided by the SAO/NASA Astrophysics Data System},
	Adsurl = {https://ui.adsabs.harvard.edu/\#abs/2005ApJ...635..931B},
	Archiveprefix = {arXiv},
	Author = {{Bullock}, James S. and {Johnston}, Kathryn V.},
	Date-Added = {2019-01-17 20:21:26 -0500},
	Date-Modified = {2019-01-17 20:21:26 -0500},
	Doi = {10.1086/497422},
	Eprint = {astro-ph/0506467},
	Journal = {\apj},
	Keywords = {Cosmology: Dark Matter, Galaxies: Dwarf, Galaxies: Evolution, Galaxies: Formation, Galaxies: Halos, Galaxies: Kinematics and Dynamics, Galaxy: Evolution, Galaxy: Formation, Galaxy: Halo, Galaxy: Kinematics and Dynamics, Galaxies: Local Group, Astrophysics},
	Month = Dec,
	Pages = {931-949},
	Primaryclass = {astro-ph},
	Title = {{Tracing Galaxy Formation with Stellar Halos. I. Methods}},
	Volume = {635},
	Year = 2005,
	Bdsk-Url-1 = {https://doi.org/10.1086/497422}}

@article{Kado-Fong:2018,
	Adsnote = {Provided by the SAO/NASA Astrophysics Data System},
	Adsurl = {https://ui.adsabs.harvard.edu/\#abs/2018ApJ...866..103K},
	Archiveprefix = {arXiv},
	Author = {{Kado-Fong}, E. and {Greene}, J.~E. and {Hendel}, D. and {Price-Whelan}, A.~M. and {Greco}, J.~P. and {Goulding}, A.~D. and {Huang}, S. and {Johnston}, K.~V. and {Komiyama}, Y. and {Lee}, C. -H. and {Lust}, N.~B. and {Strauss}, M.~A. and {Tanaka}, M.},
	Date-Added = {2019-01-17 20:20:20 -0500},
	Date-Modified = {2019-01-17 20:20:21 -0500},
	Doi = {10.3847/1538-4357/aae0f0},
	Eid = {103},
	Eprint = {1805.05970},
	Journal = {\apj},
	Keywords = {catalogs, galaxies: interactions, galaxies: statistics, galaxies: structure, techniques: image processing, Astrophysics - Astrophysics of Galaxies},
	Month = Oct,
	Pages = {103},
	Primaryclass = {astro-ph.GA},
	Title = {{Tidal Features at 0.05~\&lt;~z~\&lt;~0.45 in the Hyper Suprime-Cam Subaru Strategic Program: Properties and Formation Channels}},
	Volume = {866},
	Year = 2018,
	Bdsk-Url-1 = {https://doi.org/10.3847/1538-4357/aae0f0}}

@article{Carlin:2012,
	Adsnote = {Provided by the SAO/NASA Astrophysics Data System},
	Adsurl = {https://ui.adsabs.harvard.edu/\#abs/2012ApJ...753..145C},
	Archiveprefix = {arXiv},
	Author = {{Carlin}, Jeffrey L. and {Yam}, William and {Casetti-Dinescu}, Dana I. and {Willett}, Benjamin A. and {Newberg}, Heidi J. and {Majewski}, Steven R. and {Girard}, Terrence M.},
	Date-Added = {2019-01-17 20:19:48 -0500},
	Date-Modified = {2019-01-17 20:19:49 -0500},
	Doi = {10.1088/0004-637X/753/2/145},
	Eid = {145},
	Eprint = {1205.2371},
	Journal = {\apj},
	Keywords = {galaxies: dwarf, Galaxy: kinematics and dynamics, Galaxy: stellar content, Galaxy: structure, proper motions, stars: kinematics and dynamics, Astrophysics - Astrophysics of Galaxies},
	Month = Jul,
	Pages = {145},
	Primaryclass = {astro-ph.GA},
	Title = {{The Origin of the Virgo Stellar Substructure}},
	Volume = {753},
	Year = 2012,
	Bdsk-Url-1 = {https://doi.org/10.1088/0004-637X/753/2/145}}

@article{Vivas:2001,
	Adsnote = {Provided by the SAO/NASA Astrophysics Data System},
	Adsurl = {https://ui.adsabs.harvard.edu/\#abs/2001ApJ...554L..33V},
	Archiveprefix = {arXiv},
	Author = {{Vivas}, A.~K. and {Zinn}, R. and {Andrews}, P. and {Bailyn}, C. and {Baltay}, C. and {Coppi}, P. and {Ellman}, N. and {Girard}, T. and {Rabinowitz}, D. and {Schaefer}, B. and {Shin}, J. and {Snyder}, J. and {Sofia}, S. and {van Altena}, W. and {Abad}, C. and {Bongiovanni}, A. and {Brice{\~n}o}, C. and {Bruzual}, G. and {Della Prugna}, F. and {Herrera}, D. and {Magris}, G. and {Mateu}, J. and {Pacheco}, R. and {S{\'a}nchez}, Ge. and {S{\'a}nchez}, Gu. and {Schenner}, H. and {Stock}, J. and {Vicente}, B. and {Vieira}, K. and {Ferr{\'\i}n}, I. and {Hernandez}, J. and {Gebhard}, M. and {Honeycutt}, R. and {Mufson}, S. and {Musser}, J. and {Rengstorf}, A.},
	Date-Added = {2019-01-17 20:18:33 -0500},
	Date-Modified = {2019-01-17 20:18:34 -0500},
	Doi = {10.1086/320915},
	Eprint = {astro-ph/0105135},
	Journal = {\apj},
	Keywords = {Galaxies: Individual: Name: Sagittarius, Galaxy: Halo, Galaxy: Structure, Stars: Variables: Other, Astrophysics},
	Month = Jun,
	Pages = {L33-L36},
	Primaryclass = {astro-ph},
	Title = {{The QUEST RR Lyrae Survey: Confirmation of the Clump at 50 Kiloparsecs and Other Overdensities in the Outer Halo}},
	Volume = {554},
	Year = 2001,
	Bdsk-Url-1 = {https://doi.org/10.1086/320915}}

@article{Simion:2014,
	Adsnote = {Provided by the SAO/NASA Astrophysics Data System},
	Adsurl = {https://ui.adsabs.harvard.edu/\#abs/2014MNRAS.440..161S},
	Archiveprefix = {arXiv},
	Author = {{Simion}, Iulia T. and {Belokurov}, Vasily and {Irwin}, Mike and {Koposov}, Sergey E.},
	Date-Added = {2019-01-17 20:17:41 -0500},
	Date-Modified = {2019-01-17 20:17:42 -0500},
	Doi = {10.1093/mnras/stu133},
	Eprint = {1401.4354},
	Journal = {\mnras},
	Keywords = {stars: variables: RR Lyrae, Galaxy: halo, Galaxy: stellar content, Galaxy: structure, galaxies: individual: Milky Way, galaxies: photometry, Astrophysics - Galaxy Astrophysics},
	Month = May,
	Pages = {161-171},
	Primaryclass = {astro-ph.GA},
	Title = {{Strong RR Lyrae excess in the Hercules-Aquila Cloud}},
	Volume = {440},
	Year = 2014,
	Bdsk-Url-1 = {https://doi.org/10.1093/mnras/stu133}}

@article{Belokurov:2007,
	Adsnote = {Provided by the SAO/NASA Astrophysics Data System},
	Adsurl = {https://ui.adsabs.harvard.edu/\#abs/2007ApJ...657L..89B},
	Archiveprefix = {arXiv},
	Author = {{Belokurov}, V. and {Evans}, N.~W. and {Bell}, E.~F. and {Irwin}, M.~J. and {Hewett}, P.~C. and {Koposov}, S. and {Rockosi}, C.~M. and {Gilmore}, G. and {Zucker}, D.~B. and {Fellhauer}, M. and {Wilkinson}, M.~I. and {Bramich}, D.~M. and {Vidrih}, S. and {Rix}, H. -W. and {Beers}, T.~C. and {Schneider}, D.~P. and {Barentine}, J.~C. and {Brewington}, H. and {Brinkmann}, J. and {Harvanek}, M. and {Krzesinski}, J. and {Long}, D. and {Pan}, K. and {Snedden}, S.~A. and {Malanushenko}, O. and {Malanushenko}, V.},
	Date-Added = {2019-01-17 20:16:44 -0500},
	Date-Modified = {2019-01-17 20:16:45 -0500},
	Doi = {10.1086/513144},
	Eprint = {astro-ph/0701790},
	Journal = {\apj},
	Keywords = {Galaxies: Kinematics and Dynamics, Galaxies: Structure, Galaxy: Halo, Galaxies: Local Group, Astrophysics},
	Month = Mar,
	Pages = {L89-L92},
	Primaryclass = {astro-ph},
	Title = {{The Hercules-Aquila Cloud}},
	Volume = {657},
	Year = 2007,
	Bdsk-Url-1 = {https://doi.org/10.1086/513144}}

@article{Li:2017,
	Adsnote = {Provided by the SAO/NASA Astrophysics Data System},
	Adsurl = {https://ui.adsabs.harvard.edu/\#abs/2017ApJ...844...74L},
	Archiveprefix = {arXiv},
	Author = {{Li}, Ting S. and {Sheffield}, Allyson A. and {Johnston}, Kathryn V. and {Marshall}, Jennifer L. and {Majewski}, Steven R. and {Price- Whelan}, Adrian M. and {Damke}, Guillermo J. and {Beaton}, Rachael L. and {Bernard}, Edouard J. and {Richardson}, Whitney and {Sharma}, Sanjib and {Sesar}, Branimir},
	Date-Added = {2019-01-17 20:14:44 -0500},
	Date-Modified = {2019-01-17 20:14:45 -0500},
	Doi = {10.3847/1538-4357/aa7a0d},
	Eid = {74},
	Eprint = {1703.05384},
	Journal = {\apj},
	Keywords = {galaxies: interactions, Galaxy: disk, Galaxy: formation, Galaxy: halo, Galaxy: structure, Astrophysics - Astrophysics of Galaxies},
	Month = Jul,
	Pages = {74},
	Primaryclass = {astro-ph.GA},
	Title = {{Exploring Halo Substructure with Giant Stars. XV. Discovery of a Connection between the Monoceros Ring and the Triangulum-Andromeda Overdensity?}},
	Volume = {844},
	Year = 2017,
	Bdsk-Url-1 = {https://doi.org/10.3847/1538-4357/aa7a0d}}

@article{Sharma:2010,
	Adsnote = {Provided by the SAO/NASA Astrophysics Data System},
	Adsurl = {https://ui.adsabs.harvard.edu/\#abs/2010ApJ...722..750S},
	Archiveprefix = {arXiv},
	Author = {{Sharma}, Sanjib and {Johnston}, Kathryn V. and {Majewski}, Steven R. and {Mu{\~n}oz}, Ricardo R. and {Carlberg}, Joleen K. and {Bullock}, James},
	Date-Added = {2019-01-17 20:14:11 -0500},
	Date-Modified = {2019-01-17 20:14:12 -0500},
	Doi = {10.1088/0004-637X/722/1/750},
	Eprint = {1009.0924},
	Journal = {\apj},
	Keywords = {galaxies: halos, galaxies: structure, methods: data analysis, methods: numerical, Astrophysics - Astrophysics of Galaxies},
	Month = Oct,
	Pages = {750-759},
	Primaryclass = {astro-ph.GA},
	Title = {{Group Finding in the Stellar Halo Using M-giants in the Two Micron All Sky Survey: An Extended View of the Pisces Overdensity?}},
	Volume = {722},
	Year = 2010,
	Bdsk-Url-1 = {https://doi.org/10.1088/0004-637X/722/1/750}}

@article{Crane:2003,
	Adsnote = {Provided by the SAO/NASA Astrophysics Data System},
	Adsurl = {https://ui.adsabs.harvard.edu/\#abs/2003ApJ...594L.119C},
	Archiveprefix = {arXiv},
	Author = {{Crane}, Jeffrey D. and {Majewski}, Steven R. and {Rocha-Pinto}, Helio J. and {Frinchaboy}, Peter M. and {Skrutskie}, Michael F. and {Law}, David R.},
	Date-Added = {2019-01-17 20:13:14 -0500},
	Date-Modified = {2019-01-17 20:13:16 -0500},
	Doi = {10.1086/378767},
	Eprint = {astro-ph/0307505},
	Journal = {\apj},
	Keywords = {Galaxies: Interactions, Galaxy: Disk, Galaxy: Structure, Astrophysics},
	Month = Sep,
	Pages = {L119-L122},
	Primaryclass = {astro-ph},
	Title = {{Exploring Halo Substructure with Giant Stars: Spectroscopy of Stars in the Galactic Anticenter Stellar Structure}},
	Volume = {594},
	Year = 2003,
	Bdsk-Url-1 = {https://doi.org/10.1086/378767}}

@article{Slater:2014,
	Adsnote = {Provided by the SAO/NASA Astrophysics Data System},
	Adsurl = {https://ui.adsabs.harvard.edu/\#abs/2014ApJ...791....9S},
	Archiveprefix = {arXiv},
	Author = {{Slater}, Colin T. and {Bell}, Eric F. and {Schlafly}, Edward F. and {Morganson}, Eric and {Martin}, Nicolas F. and {Rix}, Hans- Walter and {Pe{\~n}arrubia}, Jorge and {Bernard}, Edouard J. and {Ferguson}, Annette M.~N. and {Martinez-Delgado}, David and {Wyse}, Rosemary F.~G. and {Burgett}, William S. and {Chambers}, Kenneth C. and {Draper}, Peter W. and {Hodapp}, Klaus W. and {Kaiser}, Nicholas and {Magnier}, Eugene A. and {Metcalfe}, Nigel and {Price}, Paul A. and {Tonry}, John L. and {Wainscoat}, Richard J. and {Waters}, Christopher},
	Date-Added = {2019-01-17 20:09:12 -0500},
	Date-Modified = {2019-01-17 20:09:13 -0500},
	Doi = {10.1088/0004-637X/791/1/9},
	Eid = {9},
	Eprint = {1406.6368},
	Journal = {\apj},
	Keywords = {galaxies: evolution, galaxies: interactions, Galaxy: disk, Galaxy: structure, Astrophysics - Astrophysics of Galaxies},
	Month = Aug,
	Pages = {9},
	Primaryclass = {astro-ph.GA},
	Title = {{The Complex Structure of Stars in the Outer Galactic Disk as Revealed by Pan-STARRS1}},
	Volume = {791},
	Year = 2014,
	Bdsk-Url-1 = {https://doi.org/10.1088/0004-637X/791/1/9}}

@article{Li:2012,
	Adsnote = {Provided by the SAO/NASA Astrophysics Data System},
	Adsurl = {https://ui.adsabs.harvard.edu/\#abs/2012ApJ...757..151L},
	Archiveprefix = {arXiv},
	Author = {{Li}, Jing and {Newberg}, Heidi Jo and {Carlin}, Jeffrey L. and {Deng}, Licai and {Newby}, Matthew and {Willett}, Benjamin A. and {Xu}, Yan and {Luo}, Zhiquan},
	Date-Added = {2019-01-17 20:07:28 -0500},
	Date-Modified = {2019-01-17 20:07:30 -0500},
	Doi = {10.1088/0004-637X/757/2/151},
	Eid = {151},
	Eprint = {1206.3842},
	Journal = {\apj},
	Keywords = {Galaxy: disk, Galaxy: halo, Galaxy: stellar content, Galaxy: structure, Astrophysics - Astrophysics of Galaxies},
	Month = Oct,
	Pages = {151},
	Primaryclass = {astro-ph.GA},
	Title = {{On Rings and Streams in the Galactic Anti-Center}},
	Volume = {757},
	Year = 2012,
	Bdsk-Url-1 = {https://doi.org/10.1088/0004-637X/757/2/151}}

@article{Yanny:2003,
	Adsnote = {Provided by the SAO/NASA Astrophysics Data System},
	Adsurl = {https://ui.adsabs.harvard.edu/\#abs/2003ApJ...588..824Y},
	Archiveprefix = {arXiv},
	Author = {{Yanny}, Brian and {Newberg}, Heidi Jo and {Grebel}, Eva K. and {Kent}, Steve and {Odenkirchen}, Michael and {Rockosi}, Connie M. and {Schlegel}, David and {Subbarao}, Mark and {Brinkmann}, Jon and {Fukugita}, Masataka and {Ivezic}, {\v{Z}}eljko and {Lamb}, Don Q. and {Schneider}, Donald P. and {York}, Donald G.},
	Date-Added = {2019-01-17 20:06:59 -0500},
	Date-Modified = {2019-01-17 20:07:00 -0500},
	Doi = {10.1086/374220},
	Eprint = {astro-ph/0301029},
	Journal = {\apj},
	Keywords = {Galaxy: Halo, Galaxy: Structure, Astrophysics},
	Month = May,
	Pages = {824-841},
	Primaryclass = {astro-ph},
	Title = {{A Low-Latitude Halo Stream around the Milky Way}},
	Volume = {588},
	Year = 2003,
	Bdsk-Url-1 = {https://doi.org/10.1086/374220}}

@article{Newberg:2002,
	Adsnote = {Provided by the SAO/NASA Astrophysics Data System},
	Adsurl = {https://ui.adsabs.harvard.edu/\#abs/2002ApJ...569..245N},
	Archiveprefix = {arXiv},
	Author = {{Newberg}, Heidi Jo and {Yanny}, Brian and {Rockosi}, Connie and {Grebel}, Eva K. and {Rix}, Hans-Walter and {Brinkmann}, Jon and {Csabai}, Istvan and {Hennessy}, Greg and {Hindsley}, Robert B. and {Ibata}, Rodrigo and {Ivezi{\'c}}, Zeljko and {Lamb}, Don and {Nash}, E. Thomas and {Odenkirchen}, Michael and {Rave}, Heather A. and {Schneider}, D.~P. and {Smith}, J. Allyn and {Stolte}, Andrea and {York}, Donald G.},
	Date-Added = {2019-01-17 20:06:41 -0500},
	Date-Modified = {2019-01-17 20:06:43 -0500},
	Doi = {10.1086/338983},
	Eprint = {astro-ph/0111095},
	Journal = {\apj},
	Keywords = {Galaxy: Halo, Galaxy: Structure, Astrophysics},
	Month = Apr,
	Pages = {245-274},
	Primaryclass = {astro-ph},
	Title = {{The Ghost of Sagittarius and Lumps in the Halo of the Milky Way}},
	Volume = {569},
	Year = 2002,
	Bdsk-Url-1 = {https://doi.org/10.1086/338983}}

@article{Sheffield:2014,
	Adsnote = {Provided by the SAO/NASA Astrophysics Data System},
	Adsurl = {https://ui.adsabs.harvard.edu/\#abs/2014ApJ...793...62S},
	Archiveprefix = {arXiv},
	Author = {{Sheffield}, Allyson A. and {Johnston}, Kathryn V. and {Majewski}, Steven R. and {Damke}, Guillermo and {Richardson}, Whitney and {Beaton}, Rachael and {Rocha-Pinto}, Helio J.},
	Date-Added = {2019-01-17 20:04:44 -0500},
	Date-Modified = {2019-01-17 20:04:47 -0500},
	Doi = {10.1088/0004-637X/793/1/62},
	Eid = {62},
	Eprint = {1407.4463},
	Journal = {\apj},
	Keywords = {Galaxy: formation, Galaxy: halo, Galaxy: structure, Astrophysics - Astrophysics of Galaxies},
	Month = Sep,
	Pages = {62},
	Primaryclass = {astro-ph.GA},
	Title = {{Exploring Halo Substructure with Giant Stars. XIV. The Nature of the Triangulum-Andromeda Stellar Features}},
	Volume = {793},
	Year = 2014,
	Bdsk-Url-1 = {https://doi.org/10.1088/0004-637X/793/1/62}}

@article{Martin:2007,
	Adsnote = {Provided by the SAO/NASA Astrophysics Data System},
	Adsurl = {https://ui.adsabs.harvard.edu/\#abs/2007ApJ...668L.123M},
	Archiveprefix = {arXiv},
	Author = {{Martin}, Nicolas F. and {Ibata}, Rodrigo A. and {Irwin}, Mike},
	Date-Added = {2019-01-17 20:04:26 -0500},
	Date-Modified = {2019-01-17 20:04:28 -0500},
	Doi = {10.1086/522791},
	Eprint = {astro-ph/0703506},
	Journal = {\apj},
	Keywords = {Galaxy: Evolution, Galaxy: Halo, Galaxy: Structure, Galaxies: Local Group, Astrophysics},
	Month = Oct,
	Pages = {L123-L126},
	Primaryclass = {astro-ph},
	Title = {{Galactic Halo Stellar Structures in the Triangulum-Andromeda Region}},
	Volume = {668},
	Year = 2007,
	Bdsk-Url-1 = {https://doi.org/10.1086/522791}}

@article{Rocha-Pinto:2004,
	Adsnote = {Provided by the SAO/NASA Astrophysics Data System},
	Adsurl = {https://ui.adsabs.harvard.edu/\#abs/2004ApJ...615..732R},
	Archiveprefix = {arXiv},
	Author = {{Rocha-Pinto}, Helio J. and {Majewski}, Steven R. and {Skrutskie}, M.~F. and {Crane}, Jeffrey D. and {Patterson}, Richard J.},
	Date-Added = {2019-01-17 20:03:50 -0500},
	Date-Modified = {2019-01-17 20:03:51 -0500},
	Doi = {10.1086/424585},
	Eprint = {astro-ph/0405437},
	Journal = {\apj},
	Keywords = {Galaxies: Interactions, Galaxy: Disk, Galaxy: Structure, Astrophysics},
	Month = Nov,
	Pages = {732-737},
	Primaryclass = {astro-ph},
	Title = {{Exploring Halo Substructure with Giant Stars: A Diffuse Star Cloud or Tidal Debris around the Milky Way in Triangulum-Andromeda}},
	Volume = {615},
	Year = 2004,
	Bdsk-Url-1 = {https://doi.org/10.1086/424585}}

@article{Grillmair:2006a,
	Adsnote = {Provided by the SAO/NASA Astrophysics Data System},
	Adsurl = {https://ui.adsabs.harvard.edu/\#abs/2006ApJ...645L..37G},
	Archiveprefix = {arXiv},
	Author = {{Grillmair}, C.~J.},
	Date-Added = {2019-01-17 20:02:25 -0500},
	Date-Modified = {2019-01-17 20:02:26 -0500},
	Doi = {10.1086/505863},
	Eprint = {astro-ph/0605396},
	Journal = {\apj},
	Keywords = {Galaxy: Halo, Galaxy: Structure, Galaxy: Globular Clusters: General, Astrophysics},
	Month = Jul,
	Pages = {L37-L40},
	Primaryclass = {astro-ph},
	Title = {{Detection of a 60{\textdegree}-long Dwarf Galaxy Debris Stream}},
	Volume = {645},
	Year = 2006,
	Bdsk-Url-1 = {https://doi.org/10.1086/505863}}

@article{Grillmair:2006,
	Adsnote = {Provided by the SAO/NASA Astrophysics Data System},
	Adsurl = {https://ui.adsabs.harvard.edu/\#abs/2006ApJ...643L..17G},
	Archiveprefix = {arXiv},
	Author = {{Grillmair}, C.~J. and {Dionatos}, O.},
	Date-Added = {2019-01-17 20:02:16 -0500},
	Date-Modified = {2019-01-17 20:02:16 -0500},
	Doi = {10.1086/505111},
	Eprint = {astro-ph/0604332},
	Journal = {\apj},
	Keywords = {Galaxy: Halo, Galaxy: Structure, Galaxy: Globular Clusters: General, Astrophysics},
	Month = May,
	Pages = {L17-L20},
	Primaryclass = {astro-ph},
	Title = {{Detection of a 63{\textdegree} Cold Stellar Stream in the Sloan Digital Sky Survey}},
	Volume = {643},
	Year = 2006,
	Bdsk-Url-1 = {https://doi.org/10.1086/505111}}

@article{Odenkirchen:2001,
	Adsnote = {Provided by the SAO/NASA Astrophysics Data System},
	Adsurl = {https://ui.adsabs.harvard.edu/\#abs/2001ApJ...548L.165O},
	Archiveprefix = {arXiv},
	Author = {{Odenkirchen}, Michael and {Grebel}, Eva K. and {Rockosi}, Constance M. and {Dehnen}, Walter and {Ibata}, Rodrigo and {Rix}, Hans-Walter and {Stolte}, Andrea and {Wolf}, Christian and {Anderson}, John E., Jr. and {Bahcall}, Neta A. and {Brinkmann}, Jon and {Csabai}, Istv{\'a}n and {Hennessy}, G. and {Hindsley}, Robert B. and {Ivezi{\'c}}, {\v{Z}}eljko and {Lupton}, Robert H. and {Munn}, Jeffrey A. and {Pier}, Jeffrey R. and {Stoughton}, Chris and {York}, Donald G.},
	Date-Added = {2019-01-17 20:01:36 -0500},
	Date-Modified = {2019-01-17 20:01:38 -0500},
	Doi = {10.1086/319095},
	Eprint = {astro-ph/0012311},
	Journal = {\apj},
	Keywords = {Galaxy: Halo, Galaxy: Kinematics and Dynamics, Galaxy: Structure, Galaxy: Globular Clusters:: Individual Name: Palomar 5, Astrophysics},
	Month = Feb,
	Pages = {L165-L169},
	Primaryclass = {astro-ph},
	Title = {{Detection of Massive Tidal Tails around the Globular Cluster Palomar 5 with Sloan Digital Sky Survey Commissioning Data}},
	Volume = {548},
	Year = 2001,
	Bdsk-Url-1 = {https://doi.org/10.1086/319095}}

@article{Dark-Energy-Survey-Collaboration:2016,
	Adsnote = {Provided by the SAO/NASA Astrophysics Data System},
	Adsurl = {https://ui.adsabs.harvard.edu/\#abs/2016MNRAS.460.1270D},
	Archiveprefix = {arXiv},
	Author = {{Dark Energy Survey Collaboration} and {Abbott}, T. and {Abdalla}, F.~B. and {Aleksi{\'c}}, J. and {Allam}, S. and {Amara}, A. and {Bacon}, D. and {Balbinot}, E. and {Banerji}, M. and {Bechtol}, K. and {Benoit-L{\'e}vy}, A. and {Bernstein}, G.~M. and {Bertin}, E. and {Blazek}, J. and {Bonnett}, C. and {Bridle}, S. and {Brooks}, D. and {Brunner}, R.~J. and {Buckley-Geer}, E. and {Burke}, D.~L. and {Caminha}, G.~B. and {Capozzi}, D. and {Carlsen}, J. and {Carnero-Rosell}, A. and {Carollo}, M. and {Carrasco-Kind}, M. and {Carretero}, J. and {Castander}, F.~J. and {Clerkin}, L. and {Collett}, T. and {Conselice}, C. and {Crocce}, M. and {Cunha}, C.~E. and {D'Andrea}, C.~B. and {da Costa}, L.~N. and {Davis}, T.~M. and {Desai}, S. and {Diehl}, H.~T. and {Dietrich}, J.~P. and {Dodelson}, S. and {Doel}, P. and {Drlica-Wagner}, A. and {Estrada}, J. and {Etherington}, J. and {Evrard}, A.~E. and {Fabbri}, J. and {Finley}, D.~A. and {Flaugher}, B. and {Foley}, R.~J. and {Fosalba}, P. and {Frieman}, J. and {Garc{\'\i}a-Bellido}, J. and {Gaztanaga}, E. and {Gerdes}, D.~W. and {Giannantonio}, T. and {Goldstein}, D.~A. and {Gruen}, D. and {Gruendl}, R.~A. and {Guarnieri}, P. and {Gutierrez}, G. and {Hartley}, W. and {Honscheid}, K. and {Jain}, B. and {James}, D.~J. and {Jeltema}, T. and {Jouvel}, S. and {Kessler}, R. and {King}, A. and {Kirk}, D. and {Kron}, R. and {Kuehn}, K. and {Kuropatkin}, N. and {Lahav}, O. and {Li}, T.~S. and {Lima}, M. and {Lin}, H. and {Maia}, M.~A.~G. and {Makler}, M. and {Manera}, M. and {Maraston}, C. and {Marshall}, J.~L. and {Martini}, P. and {McMahon}, R.~G. and {Melchior}, P. and {Merson}, A. and {Miller}, C.~J. and {Miquel}, R. and {Mohr}, J.~J. and {Morice-Atkinson}, X. and {Naidoo}, K. and {Neilsen}, E. and {Nichol}, R.~C. and {Nord}, B. and {Ogando}, R. and {Ostrovski}, F. and {Palmese}, A. and {Papadopoulos}, A. and {Peiris}, H.~V. and {Peoples}, J. and {Percival}, W.~J. and {Plazas}, A.~A. and {Reed}, S.~L. and {Refregier}, A. and {Romer}, A.~K. and {Roodman}, A. and {Ross}, A. and {Rozo}, E. and {Rykoff}, E.~S. and {Sadeh}, I. and {Sako}, M. and {S{\'a}nchez}, C. and {Sanchez}, E. and {Santiago}, B. and {Scarpine}, V. and {Schubnell}, M. and {Sevilla-Noarbe}, I. and {Sheldon}, E. and {Smith}, M. and {Smith}, R.~C. and {Soares- Santos}, M. and {Sobreira}, F. and {Soumagnac}, M. and {Suchyta}, E. and {Sullivan}, M. and {Swanson}, M. and {Tarle}, G. and {Thaler}, J. and {Thomas}, D. and {Thomas}, R.~C. and {Tucker}, D. and {Vieira}, J.~D. and {Vikram}, V. and {Walker}, A.~R. and {Wechsler}, R.~H. and {Weller}, J. and {Wester}, W. and {Whiteway}, L. and {Wilcox}, H. and {Yanny}, B. and {Zhang}, Y. and {Zuntz}, J.},
	Date-Added = {2019-01-17 20:00:40 -0500},
	Date-Modified = {2019-01-17 20:00:41 -0500},
	Doi = {10.1093/mnras/stw641},
	Eprint = {1601.00329},
	Journal = {\mnras},
	Keywords = {surveys, minor planets, asteroids: general, supernovae: general, Galaxy: general, galaxies: general, quasars: general, Astrophysics - Cosmology and Nongalactic Astrophysics, Astrophysics - Astrophysics of Galaxies},
	Month = Aug,
	Pages = {1270-1299},
	Primaryclass = {astro-ph.CO},
	Title = {{The Dark Energy Survey: more than dark energy - an overview}},
	Volume = {460},
	Year = 2016,
	Bdsk-Url-1 = {https://doi.org/10.1093/mnras/stw641}}

@article{Chambers:2016,
	Adsnote = {Provided by the SAO/NASA Astrophysics Data System},
	Adsurl = {https://ui.adsabs.harvard.edu/\#abs/2016arXiv161205560C},
	Archiveprefix = {arXiv},
	Author = {{Chambers}, K.~C. and {Magnier}, E.~A. and {Metcalfe}, N. and {Flewelling}, H.~A. and {Huber}, M.~E. and {Waters}, C.~Z. and {Denneau}, L. and {Draper}, P.~W. and {Farrow}, D. and {Finkbeiner}, D.~P. and {Holmberg}, C. and {Koppenhoefer}, J. and {Price}, P.~A. and {Saglia}, R.~P. and {Schlafly}, E.~F. and {Smartt}, S.~J. and {Sweeney}, W. and {Wainscoat}, R.~J. and {Burgett}, W.~S. and {Grav}, T. and {Heasley}, J.~N. and {Hodapp}, K.~W. and {Jedicke}, R. and {Kaiser}, N. and {Kudritzki}, R. -P. and {Luppino}, G.~A. and {Lupton}, R.~H. and {Monet}, D.~G. and {Morgan}, J.~S. and {Onaka}, P.~M. and {Stubbs}, C.~W. and {Tonry}, J.~L. and {Banados}, E. and {Bell}, E.~F. and {Bender}, R. and {Bernard}, E.~J. and {Botticella}, M.~T. and {Casertano}, S. and {Chastel}, S. and {Chen}, W. -P. and {Chen}, X. and {Cole}, S. and {Deacon}, N. and {Frenk}, C. and {Fitzsimmons}, A. and {Gezari}, S. and {Goessl}, C. and {Goggia}, T. and {Goldman}, B. and {Grebel}, E.~K. and {Hambly}, N.~C. and {Hasinger}, G. and {Heavens}, A.~F. and {Heckman}, T.~M. and {Henderson}, R. and {Henning}, T. and {Holman}, M. and {Hopp}, U. and {Ip}, W. -H. and {Isani}, S. and {Keyes}, C.~D. and {Koekemoer}, A. and {Kotak}, R. and {Long}, K.~S. and {Lucey}, J. R and {Liu}, M. and {Martin}, N.~F. and {McLean}, B. and {Morganson}, E. and {Murphy}, D.~N.~A. and {Nieto- Santisteban}, M.~A. and {Norberg}, P. and {Peacock}, J.~A. and {Pier}, E.~A. and {Postman}, M. and {Primak}, N. and {Rae}, C. and {Rest}, A. and {Riess}, A. and {Riffeser}, A. and {Rix}, H.~W. and {Roser}, S. and {Schilbach}, E. and {Schultz}, A.~S.~B. and {Scolnic}, D. and {Szalay}, A. and {Seitz}, S. and {Shiao}, B. and {Small}, E. and {Smith}, K.~W. and {Soderblom}, D. and {Taylor}, A.~N. and {Thakar}, A.~R. and {Thiel}, J. and {Thilker}, D. and {Urata}, Y. and {Valenti}, J. and {Walter}, F. and {Watters}, S.~P. and {Werner}, S. and {White}, R. and {Wood- Vasey}, W.~M. and {Wyse}, R.},
	Date-Added = {2019-01-17 19:59:14 -0500},
	Date-Modified = {2019-01-17 19:59:16 -0500},
	Eid = {arXiv:1612.05560},
	Eprint = {1612.05560},
	Journal = {arXiv e-prints},
	Keywords = {Astrophysics - Instrumentation and Methods for Astrophysics, Astrophysics - Earth and Planetary Astrophysics, Astrophysics - Astrophysics of Galaxies, Astrophysics - Solar and Stellar Astrophysics},
	Month = Dec,
	Pages = {arXiv:1612.05560},
	Primaryclass = {astro-ph.IM},
	Title = {{The Pan-STARRS1 Surveys}},
	Year = 2016}

@article{Skrutskie:2006,
	Adsnote = {Provided by the SAO/NASA Astrophysics Data System},
	Adsurl = {https://ui.adsabs.harvard.edu/\#abs/2006AJ....131.1163S},
	Author = {{Skrutskie}, M.~F. and {Cutri}, R.~M. and {Stiening}, R. and {Weinberg}, M.~D. and {Schneider}, S. and {Carpenter}, J.~M. and {Beichman}, C. and {Capps}, R. and {Chester}, T. and {Elias}, J. and {Huchra}, J. and {Liebert}, J. and {Lonsdale}, C. and {Monet}, D.~G. and {Price}, S. and {Seitzer}, P. and {Jarrett}, T. and {Kirkpatrick}, J.~D. and {Gizis}, J.~E. and {Howard}, E. and {Evans}, T. and {Fowler}, J. and {Fullmer}, L. and {Hurt}, R. and {Light}, R. and {Kopan}, E.~L. and {Marsh}, K.~A. and {McCallon}, H.~L. and {Tam}, R. and {Van Dyk}, S. and {Wheelock}, S.},
	Date-Added = {2019-01-17 19:58:16 -0500},
	Date-Modified = {2019-01-17 19:58:17 -0500},
	Doi = {10.1086/498708},
	Journal = {\aj},
	Keywords = {Catalogs, Infrared: General, Surveys},
	Month = Feb,
	Pages = {1163-1183},
	Title = {{The Two Micron All Sky Survey (2MASS)}},
	Volume = {131},
	Year = 2006,
	Bdsk-Url-1 = {https://doi.org/10.1086/498708}}

@article{Gunn:2006,
	Adsnote = {Provided by the SAO/NASA Astrophysics Data System},
	Adsurl = {http://adsabs.harvard.edu/abs/2006AJ....131.2332G},
	Author = {{Gunn}, J.~E. and {Siegmund}, W.~A. and {Mannery}, E.~J. and {Owen}, R.~E. and {Hull}, C.~L. and {Leger}, R.~F. and {Carey}, L.~N. and {Knapp}, G.~R. and {York}, D.~G. and {Boroski}, W.~N. and {Kent}, S.~M. and {Lupton}, R.~H. and {Rockosi}, C.~M. and {Evans}, M.~L. and {Waddell}, P. and {Anderson}, J.~E. and {Annis}, J. and {Barentine}, J.~C. and {Bartoszek}, L.~M. and {Bastian}, S. and {Bracker}, S.~B. and {Brewington}, H.~J. and {Briegel}, C.~I. and {Brinkmann}, J. and {Brown}, Y.~J. and {Carr}, M.~A. and {Czarapata}, P.~C. and {Drennan}, C.~C. and {Dombeck}, T. and {Federwitz}, G.~R. and {Gillespie}, B.~A. and {Gonzales}, C. and {Hansen}, S.~U. and {Harvanek}, M. and {Hayes}, J. and {Jordan}, W. and {Kinney}, E. and {Klaene}, M. and {Kleinman}, S.~J. and {Kron}, R.~G. and {Kresinski}, J. and {Lee}, G. and {Limmongkol}, S. and {Lindenmeyer}, C.~W. and {Long}, D.~C. and {Loomis}, C.~L. and {McGehee}, P.~M. and {Mantsch}, P.~M. and {Neilsen}, Jr., E.~H. and {Neswold}, R.~M. and {Newman}, P.~R. and {Nitta}, A. and {Peoples}, Jr., J. and {Pier}, J.~R. and {Prieto}, P.~S. and {Prosapio}, A. and {Rivetta}, C. and {Schneider}, D.~P. and {Snedden}, S. and {Wang}, S.-i.},
	Date-Added = {2019-01-17 19:57:08 -0500},
	Date-Modified = {2019-01-17 19:57:09 -0500},
	Doi = {10.1086/500975},
	Eprint = {astro-ph/0602326},
	Journal = {\aj},
	Keywords = {Surveys, Telescopes},
	Month = apr,
	Pages = {2332-2359},
	Title = {{The 2.5 m Telescope of the Sloan Digital Sky Survey}},
	Volume = 131,
	Year = 2006,
	Bdsk-Url-1 = {https://doi.org/10.1086/500975}}

@article{Eisenstein:2011,
	Adsnote = {Provided by the SAO/NASA Astrophysics Data System},
	Adsurl = {http://adsabs.harvard.edu/abs/2011AJ....142...72E},
	Archiveprefix = {arXiv},
	Author = {{Eisenstein}, D.~J. and {Weinberg}, D.~H. and {Agol}, E. and {Aihara}, H. and {Allende Prieto}, C. and {Anderson}, S.~F. and {Arns}, J.~A. and {Aubourg}, {\'E}. and {Bailey}, S. and {Balbinot}, E. and et al.},
	Date-Added = {2019-01-17 19:56:40 -0500},
	Date-Modified = {2019-01-17 19:56:41 -0500},
	Doi = {10.1088/0004-6256/142/3/72},
	Eid = {72},
	Eprint = {1101.1529},
	Journal = {\aj},
	Keywords = {cosmology: observations, Galaxy: evolution, planets and satellites: detection, surveys},
	Month = sep,
	Pages = {72},
	Primaryclass = {astro-ph.IM},
	Title = {{SDSS-III: Massive Spectroscopic Surveys of the Distant Universe, the Milky Way, and Extra-Solar Planetary Systems}},
	Volume = 142,
	Year = 2011,
	Bdsk-Url-1 = {https://doi.org/10.1088/0004-6256/142/3/72}}

@article{York:2000,
	Adsnote = {Provided by the SAO/NASA Astrophysics Data System},
	Adsurl = {http://adsabs.harvard.edu/abs/2000AJ....120.1579Y},
	Author = {{York}, D.~G. and {Adelman}, J. and {Anderson}, Jr., J.~E. and {Anderson}, S.~F. and {Annis}, J. and {Bahcall}, N.~A. and {Bakken}, J.~A. and {Barkhouser}, R. and {Bastian}, S. and {Berman}, E. and {Boroski}, W.~N. and {Bracker}, S. and {Briegel}, C. and {Briggs}, J.~W. and {Brinkmann}, J. and {Brunner}, R. and {Burles}, S. and {Carey}, L. and {Carr}, M.~A. and {Castander}, F.~J. and {Chen}, B. and {Colestock}, P.~L. and {Connolly}, A.~J. and {Crocker}, J.~H. and {Csabai}, I. and {Czarapata}, P.~C. and {Davis}, J.~E. and {Doi}, M. and {Dombeck}, T. and {Eisenstein}, D. and {Ellman}, N. and {Elms}, B.~R. and {Evans}, M.~L. and {Fan}, X. and {Federwitz}, G.~R. and {Fiscelli}, L. and {Friedman}, S. and {Frieman}, J.~A. and {Fukugita}, M. and {Gillespie}, B. and {Gunn}, J.~E. and {Gurbani}, V.~K. and {de Haas}, E. and {Haldeman}, M. and {Harris}, F.~H. and {Hayes}, J. and {Heckman}, T.~M. and {Hennessy}, G.~S. and {Hindsley}, R.~B. and {Holm}, S. and {Holmgren}, D.~J. and {Huang}, C.-h. and {Hull}, C. and {Husby}, D. and {Ichikawa}, S.-I. and {Ichikawa}, T. and {Ivezi{\'c}}, {\v Z}. and {Kent}, S. and {Kim}, R.~S.~J. and {Kinney}, E. and {Klaene}, M. and {Kleinman}, A.~N. and {Kleinman}, S. and {Knapp}, G.~R. and {Korienek}, J. and {Kron}, R.~G. and {Kunszt}, P.~Z. and {Lamb}, D.~Q. and {Lee}, B. and {Leger}, R.~F. and {Limmongkol}, S. and {Lindenmeyer}, C. and {Long}, D.~C. and {Loomis}, C. and {Loveday}, J. and {Lucinio}, R. and {Lupton}, R.~H. and {MacKinnon}, B. and {Mannery}, E.~J. and {Mantsch}, P.~M. and {Margon}, B. and {McGehee}, P. and {McKay}, T.~A. and {Meiksin}, A. and {Merelli}, A. and {Monet}, D.~G. and {Munn}, J.~A. and {Narayanan}, V.~K. and {Nash}, T. and {Neilsen}, E. and {Neswold}, R. and {Newberg}, H.~J. and {Nichol}, R.~C. and {Nicinski}, T. and {Nonino}, M. and {Okada}, N. and {Okamura}, S. and {Ostriker}, J.~P. and {Owen}, R. and {Pauls}, A.~G. and {Peoples}, J. and {Peterson}, R.~L. and {Petravick}, D. and {Pier}, J.~R. and {Pope}, A. and {Pordes}, R. and {Prosapio}, A. and {Rechenmacher}, R. and {Quinn}, T.~R. and {Richards}, G.~T. and {Richmond}, M.~W. and {Rivetta}, C.~H. and {Rockosi}, C.~M. and {Ruthmansdorfer}, K. and {Sandford}, D. and {Schlegel}, D.~J. and {Schneider}, D.~P. and {Sekiguchi}, M. and {Sergey}, G. and {Shimasaku}, K. and {Siegmund}, W.~A. and {Smee}, S. and {Smith}, J.~A. and {Snedden}, S. and {Stone}, R. and {Stoughton}, C. and {Strauss}, M.~A. and {Stubbs}, C. and {SubbaRao}, M. and {Szalay}, A.~S. and {Szapudi}, I. and {Szokoly}, G.~P. and {Thakar}, A.~R. and {Tremonti}, C. and {Tucker}, D.~L. and {Uomoto}, A. and {Vanden Berk}, D. and {Vogeley}, M.~S. and {Waddell}, P. and {Wang}, S.-i. and {Watanabe}, M. and {Weinberg}, D.~H. and {Yanny}, B. and {Yasuda}, N. and {SDSS Collaboration}},
	Date-Added = {2019-01-17 19:56:30 -0500},
	Date-Modified = {2019-01-17 19:56:31 -0500},
	Doi = {10.1086/301513},
	Eprint = {astro-ph/0006396},
	Journal = {\aj},
	Keywords = {Cosmology: Observations, Instrumentation: Miscellaneous},
	Month = sep,
	Pages = {1579-1587},
	Title = {{The Sloan Digital Sky Survey: Technical Summary}},
	Volume = 120,
	Year = 2000,
	Bdsk-Url-1 = {https://doi.org/10.1086/301513}}

@inproceedings{Grillmair:2016,
	Adsnote = {Provided by the SAO/NASA Astrophysics Data System},
	Adsurl = {https://ui.adsabs.harvard.edu/\#abs/2016ASSL..420...87G},
	Archiveprefix = {arXiv},
	Author = {{Grillmair}, Carl J. and {Carlin}, Jeffrey L.},
	Booktitle = {Tidal Streams in the Local Group and Beyond},
	Date-Added = {2019-01-17 19:52:05 -0500},
	Date-Modified = {2019-01-17 19:52:06 -0500},
	Doi = {10.1007/978-3-319-19336-6_4},
	Editor = {{Newberg}, Heidi Jo and {Carlin}, Jeffrey L.},
	Eprint = {1603.08936},
	Keywords = {Physics, Astrophysics - Astrophysics of Galaxies},
	Month = Jan,
	Pages = {87},
	Primaryclass = {astro-ph.GA},
	Series = {Astrophysics and Space Science Library},
	Title = {{Stellar Streams and Clouds in the Galactic Halo}},
	Volume = {420},
	Year = 2016,
	Bdsk-Url-1 = {https://doi.org/10.1007/978-3-319-19336-6_4}}

@article{deBoer:2018,
	Adsnote = {Provided by the SAO/NASA Astrophysics Data System},
	Adsurl = {https://ui.adsabs.harvard.edu/\#abs/2018MNRAS.473..647D},
	Archiveprefix = {arXiv},
	Author = {{de Boer}, T.~J.~L. and {Belokurov}, V. and {Koposov}, S.~E.},
	Doi = {10.1093/mnras/stx2391},
	Eprint = {1706.09468},
	Journal = {\mnras},
	Keywords = {Stars: C-M diagrams, stars: kinematics and dynamics, Galaxy: kinematics and dynamics, Galaxy: structure, Astrophysics - Astrophysics of Galaxies},
	Month = Jan,
	Pages = {647-662},
	Primaryclass = {astro-ph.GA},
	Title = {{The fall of the Northern Unicorn: tangential motions in the Galactic anticentre with SDSS and Gaia}},
	Volume = {473},
	Year = 2018,
	Bdsk-Url-1 = {https://doi.org/10.1093/mnras/stx2391}}
